% Magnitude Based Pruning

@inproceedings{pillay2017evohyp,
  title={EvoHyp-A Java toolkit for evolutionary algorithm hyper-heuristics},
  author={Pillay, Nelishia and Beckedahl, Derrick},
  booktitle={2017 IEEE Congress on Evolutionary Computation (CEC)},
  pages={2706--2713},
  year={2017},
  organization={IEEE}
}

@article{mccollum2010setting,
  title={Setting the research agenda in automated timetabling: The second international timetabling competition},
  author={McCollum, Barry and Schaerf, Andrea and Paechter, Ben and McMullan, Paul and Lewis, Rhyd and Parkes, Andrew J and Gaspero, Luca Di and Qu, Rong and Burke, Edmund K},
  journal={INFORMS Journal on Computing},
  volume={22},
  number={1},
  pages={120--130},
  year={2010},
  publisher={INFORMS}
}

@inproceedings{pillay2010evolving,
  title={Evolving hyper-heuristics for a highly constrained examination timetabling problem},
  author={Pillay, Nelishia},
  booktitle={Proceedings of the 8th International Conference on the Practice and Theory of Automated Timetabling (PATATâ€™10)},
  pages={336--346},
  year={2010}
}

@article{sabar2012graph,
  title={A graph coloring constructive hyper-heuristic for examination timetabling problems},
  author={Sabar, Nasser R and Ayob, Masri and Qu, Rong and Kendall, Graham},
  journal={Applied Intelligence},
  volume={37},
  number={1},
  pages={1--11},
  year={2012},
  publisher={Springer}
}

@article{soghier2013adaptive,
  title={Adaptive selection of heuristics for assigning time slots and rooms in exam timetables},
  author={Soghier, Amr and Qu, Rong},
  journal={Applied Intelligence},
  volume={39},
  number={2},
  pages={438--450},
  year={2013},
  publisher={Springer}
}
